@article{DBLP:journals/ivs/GoodB02,
  author    = {Lance Good and Benjamin B. Bederson},
  title     = {Zoomable user interfaces as a medium for slide show presentations},
  journal   = {Information Visualization},
  volume    = {1},
  number    = {1},
  year      = {2002},
  pages     = {35-49},
  ee        = {http://dx.doi.org/10.1057/palgrave/ivs/9500004},
  bibsource = {DBLP, http://dblp.uni-trier.de}
}

@ARTICLE{piccolo, 
 author={Bederson, B.B. and Grosjean, J. and Meyer, J.}, 
 journal={Software Engineering, IEEE Transactions on},
 title={Toolkit design for interactive structured graphics}, 
 year={2004}, 
 month={aug.}, 
 volume={30}, 
 number={8}, 
 pages={ 535 - 546}, 
 keywords={ 2D graphical user interface toolkit; 3D scene graph; JavaSD; Jazz; MFC; Openlnventor; Pad++; Piccolo; Swing; interactive 2D structured graphics application; interactive structured graphics; monolithic toolkit; object-oriented design; polylithic toolkit; toolkit design; visual design software; zoomable user interface application; authoring systems; computer animation; graphical user interfaces; object-oriented programming;}, 
 doi={10.1109/TSE.2004.44}, 
 ISSN={0098-5589}
}

@inproceedings{jazz,
 author = {Bederson, Benjamin B. and Meyer, Jon and Good, Lance},
 title = {Jazz: an extensible zoomable user interface graphics toolkit in {J}ava},
 booktitle = {Proceedings of the 13th annual ACM symposium on User interface software and technology},
 series = {UIST '00},
 year = {2000},
 isbn = {1-58113-212-3},
 location = {San Diego, California, United States},
 pages = {171--180},
 numpages = {10},
 url = {http://doi.acm.org/10.1145/354401.354754},
 doi = {http://doi.acm.org/10.1145/354401.354754},
 acmid = {354754},
 publisher = {ACM},
 address = {New York, NY, USA},
 keywords = {Jazz, Pad++, animation, graphics, user interface management systems (UIMS), zoomable user interfaces (ZUIs)},
} 

@article{pad++2,
  author    = {Benjamin B. Bederson and Jonathan Meyer},
  title     = {Implementing a {Z}ooming {U}ser {I}nterface: {E}xperience {B}uilding {P}ad++},
  journal   = {Softw., Pract. Exper.},
  volume    = {28},
  number    = {10},
  year      = {1998},
  pages     = {1101-1135},
  bibsource = {DBLP, http://dblp.uni-trier.de}
}

@inproceedings{pad++1,
 author = {Bederson, Benjamin B. and Hollan, James D.},
 title = {Pad++: a zooming graphical interface for exploring alternate interface physics},
 booktitle = {Proceedings of the 7th annual ACM symposium on User interface software and technology},
 series = {UIST '94},
 year = {1994},
 isbn = {0-89791-657-3},
 location = {Marina del Rey, California, United States},
 pages = {17--26},
 numpages = {10},
 url = {http://doi.acm.org/10.1145/192426.192435},
 doi = {http://doi.acm.org/10.1145/192426.192435},
 acmid = {192435},
 publisher = {ACM},
 address = {New York, NY, USA},
 keywords = {authoring, hypertext, information navigation, information physics, information visualization, interactive user interfaces, multiscale interfaces, zooming interfaces},
}

@book{humane_interface,
  author = {Raskin, Jef},
  title = {The humane interface: new directions for designing interactive systems},
  year = {2000},
  isbn = {0-201-37937-6},
  source = {ACM member price \$22.45, order no. 706000},
  publisher = {ACM Press/Addison-Wesley Publishing Co.},
  address = {New York, NY, USA},
}

@article{wijk1,
  author = {Jarke J. van Wijk and Wim A. A. Nuij},
  title = {Smooth and efficient zooming and panning},
  journal ={Information Visualization, IEEE Symposium on},
  volume = {0},
  isbn = {0-7695-2055-3},
  year = {2003},
  pages = {3},
  doi = {http://doi.ieeecomputersociety.org/10.1109/INFVIS.2003.1249004},
  publisher = {IEEE Computer Society},
  address = {Los Alamitos, CA, USA},
}

@article{wijk2,
  author    = {Jarke J. van Wijk and Wim A. A. Nuij},
  title     = {A Model for Smooth Viewing and Navigation of Large 2{D} Information Spaces},
  journal   = {IEEE Trans. Vis. Comput. Graph.},
  volume    = {10},
  number    = {4},
  year      = {2004},
  pages     = {447-458},
  ee        = {http://doi.ieeecomputersociety.org/10.1109/TVCG.2004.1},
  bibsource = {DBLP, http://dblp.uni-trier.de}
}

@article{noncmd_ui,
  author    = {Jakob Nielsen},
  title     = {Noncommand {U}ser {I}nterfaces},
  journal   = {Commun. ACM},
  volume    = {36},
  number    = {4},
  year      = {1993},
  pages     = {82-99},
  bibsource = {DBLP, http://dblp.uni-trier.de}
}

@article{antimac_ui,
  author    = {Donald R. Gentner and Jakob Nielsen},
  title     = {The {A}nti-{M}ac {I}nterface},
  journal   = {Commun. ACM},
  volume    = {39},
  number    = {8},
  year      = {1996},
  pages     = {70-82},
  bibsource = {DBLP, http://dblp.uni-trier.de}
}

@article{post_wimp,
  author    = {Andries van Dam},
  title     = {Post-WIMP User Interfaces},
  journal   = {Commun. ACM},
  volume    = {40},
  number    = {2},
  year      = {1997},
  pages     = {63-67},
  bibsource = {DBLP, http://dblp.uni-trier.de}
}

@article{rooms,
  author    = {D. Austin Henderson Jr. and
               Stuart K. Card},
  title     = {Rooms: The Use of Multiple Virtual Workspaces to Reduce Space Contention in a Window-Based Graphical User Interface},
  journal   = {ACM Trans. Graph.},
  volume    = {5},
  number    = {3},
  year      = {1986},
  pages     = {211-243},
  ee        = {http://doi.acm.org/10.1145/24054.24056},
  bibsource = {DBLP, http://dblp.uni-trier.de}
}

@misc{prezi,
  author = {Zoli Radnai},
  howpublished = {\url{http://blog.prezi.com/2010/04/06/new-features-based-on-your-ideas/}},
  title = {New features based on your ideas},
  year = {2010},
  month = apr,
}

@article{uw-diagrams,
  author = {George W. Furnas and Benjamin B. Bederson},
  booktitle = {CHI '95: Proceedings of the SIGCHI conference on Human factors in computing systems},
  interhash = {3a6ffc5e21e01c232ad5a122aac3e76f},
  intrahash = {b062e6d68872371d5975cc1fd7cb4bce},
  pages = {234--241},
  publisher = {ACM Press/Addison-Wesley Publishing Co.},
  title = {Space-scale diagrams: understanding multiscale interfaces},
  url = {http://www.cs.umd.edu/hcil/piccolo/learn/papers/chi-95-spacescale.pdf},
  year = 1995,
  timestamp = {2009-05-21T11:41:36.000+0200},
  keywords = {ZUI},
  added-at = {2009-05-21T11:41:36.000+0200},
  description = {ESOM},
  biburl = {http://www.bibsonomy.org/bibtex/2b062e6d68872371d5975cc1fd7cb4bce/ds9},
  doi = {http://doi.acm.org/10.1145/223904.223934}
}

@inproceedings{pad,
  address = {New York, NY, USA},
  author = {Ken Perlin and David Fox},
  booktitle = {SIGGRAPH '93: Proceedings of the 20th annual conference on Computer graphics and interactive techniques},
  interhash = {b1d40699be110f767087bbf4dd0df17c},
  intrahash = {36c6894800fa0fa5f279cc4b72b7ae68},
  pages = {57--64},
  publisher = {ACM},
  title = {Pad: an alternative approach to the computer interface},
  year = 1993,
  timestamp = {2009-05-21T11:41:36.000+0200},
  keywords = {ZUI},
  added-at = {2009-05-21T11:41:36.000+0200},
  description = {ESOM},
  isbn = {0-89791-601-8},
  biburl = {http://www.bibsonomy.org/bibtex/236c6894800fa0fa5f279cc4b72b7ae68/ds9},
  doi = {http://doi.acm.org/10.1145/166117.166125}
}

@article{mvc,
  author = {T. Reenskaug},
  interhash = {c781ecf7af2ae6615128e18ed07be292},
  intrahash = {f54ca3c950a27c0736dd4d114928083e},
  journal = {Technical note, Xerox PARC, December},
  title = {{Models-views-controllers}},
  url = {http://scholar.google.de/scholar.bib?q=info:Fd2nN_Zk4yUJ:scholar.google.com/&output=citation&hl=de&ct=citation&cd=0},
  year = 1979,
  timestamp = {2009-08-13T11:25:41.000+0200},
  keywords = {historic mvc programming},
  added-at = {2009-08-13T11:25:41.000+0200},
  biburl = {http://www.bibsonomy.org/bibtex/2f54ca3c950a27c0736dd4d114928083e/folke}
}

@techreport{counterpoint,
    author = {Lance Good and Ben Bederson},
    title = {CounterPoint: Creating Jazzy Interactive Presentations},
    institution = {},
    year = {2001}
}

@misc{,
  title      = {Prezi - The Zooming Presentation Editor},
  howpublished = "\url{http://prezi.com/}"
}

@article{fitts,
  author = {Paul M. Fitts},
  title = {The Information Capacity of the Human Motor System in Controlling the Amplitude of Movement},
  year = {1992},
  masid = {3913518}
}

 @misc{wiki:powerpoint,
   author = "Wikipedia",
   title = "Microsoft {P}owerPoint --- {W}ikipedia{,} {T}he {F}ree {E}ncyclopedia",
   year = "2011",
   url = "\url{http://en.wikipedia.org/w/index.php?title=Microsoft_PowerPoint&oldid=431303137}",
   note = "[Online; accessed 3-June-2011]"
 }

 @misc{wiki:keynote,
   author = "Wikipedia",
   title = "Keynote (presentation software) --- {W}ikipedia{,} {T}he {F}ree {E}ncyclopedia",
   year = "2011",
   url = "\url{http://en.wikipedia.org/w/index.php?title=Keynote_(presentation_software)&oldid=431196145}",
   note = "[Online; accessed 3-June-2011]"
 }

 @misc{ wiki:ooo,
   author = "Wikipedia",
   title = "OpenOffice.org --- {W}ikipedia{,} {T}he {F}ree {E}ncyclopedia",
   year = "2011",
   url = "\url{http://en.wikipedia.org/w/index.php?title=OpenOffice.org&oldid=432253678}",
   note = "[Online; accessed 3-June-2011]"
 }

@misc{qt,
  title = {Qt {R}eference {D}ocumentation},
  howpublished = {\url{http://doc.qt.nokia.com/4.7/index.html}}
}